<?xml version="1.0" encoding="UTF-8"?><collection xmlns="http://www.loc.gov/MARC21/slim"><record><leader>00394nam--2200133-i-4500</leader><controlfield tag="001">000005377</controlfield><controlfield tag="002">20161230</controlfield><controlfield tag="005">20161230201026</controlfield><controlfield tag="008">060222s1000------------r-----000-0-eng-d</controlfield><datafield ind1=" " ind2=" " tag="100"><subfield code="a">Arbellot, L</subfield></datafield><datafield ind1=" " ind2=" " tag="245"><subfield code="a">Manuel pratique des depots electrolytique. cuivrage-nickelage-chromage-etamage-cadmiage- zingage</subfield></datafield><datafield ind1=" " ind2=" " tag="260"><subfield code="a">Paris, Dunod, 1957 Vii + 146 P</subfield></datafield><datafield ind1=" " ind2=" " tag="490"><subfield code="a">Encyclopedie Roret</subfield></datafield><datafield ind1=" " ind2=" " tag="852"><subfield code="a">15057</subfield></datafield></record></collection>